<?xml version="1.0" encoding="UTF-8"?><collection xmlns="http://www.loc.gov/MARC21/slim"><record><leader>00560nam--2200169-u-4500</leader><controlfield tag="001">000053313</controlfield><controlfield tag="002">20161230</controlfield><controlfield tag="005">20161230201051</controlfield><controlfield tag="008">110204s1000------------r-----000-0-eng-d</controlfield><datafield ind1=" " ind2=" " tag="040"><subfield code="a">IFIN-HH</subfield></datafield><datafield ind1=" " ind2=" " tag="080"><subfield code="a">535.64</subfield></datafield><datafield ind1="1" ind2=" " tag="100"><subfield code="a">Hardy, Arthur C</subfield></datafield><datafield ind1="1" ind2="0" tag="245"><subfield code="a">Handbook of colorimetry</subfield><subfield code="b">Prepared by the staff of the color measurement laboratory massachusetts institute of technology</subfield><subfield code="c">Arthur c. hardy (under the direction of)</subfield></datafield><datafield ind1=" " ind2=" " tag="260"><subfield code="a">Cambridge, Massachusetts</subfield><subfield code="b">The Technology Press</subfield><subfield code="c">1936</subfield></datafield><datafield ind1=" " ind2=" " tag="300"><subfield code="a">87P</subfield></datafield><datafield ind1=" " ind2=" " tag="852"><subfield code="a">2370</subfield><subfield code="c">535</subfield></datafield><datafield ind1=" " ind2=" " tag="CAT"><subfield code="a">Sys</subfield><subfield code="c">20110204</subfield><subfield code="h">123710</subfield></datafield></record></collection>